2373 4007
107 75 117 114 i

102 135 113 188 1
762 161 767 168 ,

95 199 117 292 ¹
242 253 580 357 capxn.
640 249 758 329 De
783 248 1233 352 Temporibus
1246 250 1502 329 Sao-is.
1580 279 1613 332 1
1632 275 1668 349 ς
1685 280 1716 335 1
1814 347 1829 364 .

304 470 467 543 Llll.
521 471 818 542 Praeter
851 465 991 541 hos
1022 465 1244 543 statos
1275 464 1430 539 dies
1461 466 1722 539 indice·
1741 483 2035 548 Extran-

216 563 438 639 bantur
456 565 770 665 insuper
796 586 1000 642 extra
1019 568 1360 643 ordinem
1382 566 1523 647 alii,
1549 590 1721 662 quo·
1739 566 1978 630 dinarii.

90 713 95 728 ι
212 667 324 739 ties
345 668 714 748 calamitas
751 667 1060 766 publiea,
1115 687 1239 742 aut
1271 666 1730 742 imminentia

206 766 425 866 judicia
475 769 553 842 id
610 763 1040 867 flagitabant
1082 768 1233 843 vid.
1276 765 1460 864 Joel.
1499 769 1556 840 Ι.
1614 788 1727 858 14.

201 869 273 939 11.
310 890 414 943 12.
468 873 559 941 ln
632 870 841 942 rimis
873 867 988 942 illa
1019 867 1390 941 crebriora
1420 880 1652 954 erant,
1676 860 1730 938 fi

192 964 535 1042 mensibus
670 966 1065 1042 archesvan
1100 969 1171 1042 8(
1202 967 1444 1041 Cisleu
1475 964 1730 1066 pluvia

180 1066 541 1160 neceffaria
573 1093 736 1141 non
769 1067 1154 1142 decidiffet.

262 1170 448 1244 LIV.
506 1169 639 1243 Ad
694 1170 1073 1265 JEJUNIA
1120 1167 1541 1240 PRIVATA
1590 1187 1723 1263 po·
1745 1182 1890 1246 Dies
1911 1183 2075 1266 jeju.

176 1263 507 1343 tissimum
561 1267 1030 1367 eligebantur
1064 1267 1228 1339 dies
1255 1261 1603 1362 ficundus
1652 1265 1720 1340 &
1745 1266 2102 1349 *finiveri-

191 1366 438 1460 quintus
484 1367 995 1444 hebdomadis
1045 1372 1226 1441 Luc.
1281 1368 1542 1439 xvnl.
1605 1389 1721 1442 12.

188 1487 361 1558 quos
381 1467 698 1544 Rabbini
745 1468 970 1543 trium
1005 1490 1257 1539 rerum
1293 1463 1490 1539 causa
1519 1466 1608 1539 ad
1641 1467 1720 1540 id

179 1565 730 1657 constituerunt,
781 1565 865 1641 sci
898 1584 1210 1667 propter
1240 1564 1715 1650 vastationem
1765 1649 1775 1656 ‚

173 1667 454 1764 templi,
524 1667 1116 1744 combustionem
1158 1669 1380 1767 Legis
1421 1667 1489 1742 &
1528 1665 1712 1754 blas-

170 1761 550 1860 phemiam
640 1769 795 1844 Dei.
935 1770 1290 1862 Quamvis
1357 1782 1713 1865 praeterea
1861 1803 1878 1820 κ

170 1869 677 1965 unusquisque
717 1891 906 1965 quos
932 1867 1189 1959 vellet,
1239 1868 1469 1940 modo
1514 1866 1726 1950 nulla

165 1957 522 2043 festivitas
570 1983 694 2041 aut
734 1967 822 2043 ad
865 1966 1059 2049 issam
1102 1966 1481 2043 neceffaria
1522 1987 1708 2063 prae-

155 2069 447 2160 paratio
500 2067 577 2140 id
621 2065 1093 2164 prohiberet,
1135 2067 1410 2166 eligere
1451 2061 1705 2160 poffet.

154 2165 322 2236 lmo
354 2174 901 2260 notsnunquam
919 2189 1052 2262 per
1079 2166 1331 2262 plures
1355 2164 1510 2255 dies
1541 2185 1710 2234 con·

148 2258 684 2348 tinuabantur3
714 2264 828 2339 Sic
845 2264 1168 2357 JudaeiR.
1186 2259 1318 2334 ΑΓΕ
1349 2283 1485 2360 per
1511 2262 1707 2336 XXX

155 2361 317 2434 dies
369 2360 471 2434 ad
502 2361 904 2435 videndum
926 2359 1345 2460 1R.-Chajam
1369 2417 1387 2451 ‚
1418 2361 1590 2434 imo
1620 2361 1704 2437 R.
1997 2424 2004 2431 .

155 2461 430 2535 Zadok
483 2462 573 2536 ad
622 2461 1256 2537 averruncandum
1303 2459 1562 2560 tempii
1604 2464 1699 2536 Π.
1835 2540 1838 2543 ,

163 2562 539 2639 excidium
626 2587 764 2666 per
842 2566 992 2639 XL
1066 2585 1320 2651 annos¹
1363 2558 1699 2665 jejunass'e

162 2659 536 2743 testantur.
1497 2664 1506 2670 ’

904 3476 973 3550 K
1018 3497 1068 3570 4
1271 3538 1274 3545 .
1490 3468 1681 3545 CAP.
